<record><leader>00000cas a2200000 a 4500</leader><controlfield tag="001">9729223</controlfield><controlfield tag="008">830722c19469999miudn ne      0   a0eng  </controlfield><datafield ind1=" " ind2=" " tag="010"><subfield code="a">sn 83016360 </subfield></datafield><datafield ind1=" " ind2=" " tag="040"><subfield code="a">DLC</subfield><subfield code="b">eng</subfield><subfield code="c">DLC</subfield><subfield code="d">NSD</subfield><subfield code="d">MHN</subfield><subfield code="d">DLC</subfield><subfield code="d">OCLCQ</subfield><subfield code="d">OCLCO</subfield><subfield code="d">OCLCQ</subfield><subfield code="d">OCLCF</subfield></datafield><datafield ind1=" " ind2=" " tag="012"><subfield code="m">1</subfield></datafield><datafield ind1="1" ind2=" " tag="022"><subfield code="a">0898-4964</subfield><subfield code="l">0898-4964</subfield><subfield code="2">1</subfield></datafield><datafield ind1="1" ind2=" " tag="029"><subfield code="a">AU@</subfield><subfield code="b">000020420867</subfield></datafield><datafield ind1=" " ind2=" " tag="032"><subfield code="a">351020</subfield><subfield code="b">USPS</subfield></datafield><datafield ind1=" " ind2=" " tag="037"><subfield code="b">The Mining Journal, 249 West Washington Street, Marquette, MI 49855</subfield></datafield><datafield ind1=" " ind2=" " tag="042"><subfield code="a">pcc</subfield><subfield code="a">nsdp</subfield></datafield><datafield ind1=" " ind2=" " tag="043"><subfield code="a">n-us-mi</subfield></datafield><datafield ind1="0" ind2="0" tag="050"><subfield code="a">Newspaper</subfield></datafield><datafield ind1="0" ind2=" " tag="130"><subfield code="a">Mining journal (Marquette, Mich. : 1946)</subfield></datafield><datafield ind1=" " ind2="0" tag="222"><subfield code="a">Mining journal</subfield><subfield code="b">(1954)</subfield></datafield><datafield ind1="1" ind2="4" tag="245"><subfield code="a">The mining journal.</subfield></datafield><datafield ind1="1" ind2="3" tag="246"><subfield code="a">Daily mining journal</subfield></datafield><datafield ind1=" " ind2=" " tag="260"><subfield code="a">Marquette, Mich. :</subfield><subfield code="b">Mining Journal Co.</subfield></datafield><datafield ind1=" " ind2=" " tag="300"><subfield code="a">v.</subfield></datafield><datafield ind1=" " ind2=" " tag="310"><subfield code="a">Daily</subfield></datafield><datafield ind1=" " ind2=" " tag="321"><subfield code="a">Daily (except Sunday),</subfield><subfield code="b">Sept. 2, 1946-Apr. 30, 1988</subfield></datafield><datafield ind1="1" ind2=" " tag="362"><subfield code="a">Began Sept 2, 1946.</subfield></datafield><datafield ind1="0" ind2=" " tag="362"><subfield code="a">-63rd yr. (Oct. 3, 1946) ; v. 63, no. 235 (Oct. 4, 1946)-v. 106, no. 261 (Sept. 23, 1992) ; Sept. 24, 1992-</subfield></datafield><datafield ind1=" " ind2=" " tag="500"><subfield code="a">"The Upper Peninsula's largest daily newspaper."</subfield></datafield><datafield ind1=" " ind2=" " tag="500"><subfield code="a">Issue called: Cleveland-Cliffs Iron Co. Centennial Ed. (June 29, 1950).</subfield></datafield><datafield ind1=" " ind2=" " tag="500"><subfield code="a">"Independent." Cf. Ayer, 1982.</subfield></datafield><datafield ind1=" " ind2=" " tag="500"><subfield code="a">Issue called: Centennial ed., May 10, 1949.</subfield></datafield><datafield ind1=" " ind2=" " tag="588"><subfield code="a">Description based on: 62nd yr. (Sept. 3, 1946).</subfield></datafield><datafield ind1=" " ind2=" " tag="588"><subfield code="a">Latest issue consulted: Vol. 112, no. 358 (Dec. 31, 1998).</subfield></datafield><datafield ind1=" " ind2="0" tag="651"><subfield code="a">Marquette (Mich.)</subfield><subfield code="v">Newspapers.</subfield></datafield><datafield ind1=" " ind2="7" tag="655"><subfield code="a">Newspapers.</subfield><subfield code="2">fast</subfield><subfield code="0">(OCoLC)fst01423814</subfield></datafield><datafield ind1=" " ind2="7" tag="651"><subfield code="a">Michigan</subfield><subfield code="z">Marquette.</subfield><subfield code="2">fast</subfield><subfield code="0">(OCoLC)fst01214886</subfield></datafield><datafield ind1=" " ind2=" " tag="752"><subfield code="a">United States</subfield><subfield code="b">Michigan</subfield><subfield code="c">Marquette</subfield><subfield code="d">Marquette.</subfield></datafield><datafield ind1="0" ind2="0" tag="780"><subfield code="t">Daily mining journal (Marquette, Mich.)</subfield><subfield code="w">(DLC)sn 84024260</subfield><subfield code="w">(OCoLC)10979538</subfield></datafield></record>